<?xml version="1.0" encoding="utf-8"?>
<record xmlns="http://www.loc.gov/MARC21/slim" xmlns:xsi="http://www.w3.org/2001/XMLSchema-instance" xsi:schemaLocation="http://www.loc.gov/MARC21/slim http://www.loc.gov/standards/marcxml/schema/MARC21slim.xsd">
	<leader>     nam a22     Mi 4500</leader>
	<controlfield tag="001">b12371385</controlfield>
	<controlfield tag="003">LeBAU</controlfield>
	<controlfield tag="006">m        d        </controlfield>
	<controlfield tag="007">cr cn |||m|||a</controlfield>
	<controlfield tag="008">181218s1951    ua      o     ||0 0 ara d</controlfield>
	<datafield ind1=" " ind2=" " tag="040">
		<subfield code="a">ZYU</subfield>
		<subfield code="b">ara</subfield>
		<subfield code="e">rda</subfield>
		<subfield code="c">ZYU</subfield>
	</datafield>
	<datafield ind1="0" ind2="4" tag="082">
		<subfield code="a">297.1226</subfield>
		<subfield code="2">22</subfield>
	</datafield>
	<datafield ind1="1" ind2=" " tag="100">
		<subfield code="6">880-01</subfield>
		<subfield code="a">Fīrūzābādī, Muḥammad ibn Yaʻqūb,</subfield>
		<subfield code="d">1329-1414 or 1415,</subfield>
		<subfield code="e">author.</subfield>
	</datafield>
	<datafield ind1="1" ind2="0" tag="245">
		<subfield code="6">880-02</subfield>
		<subfield code="a">Tanwīr al-miqyās min Tafsīr Ibn ʻAbbās /</subfield>
		<subfield code="c">li-Abī Ṭāhir Muḥammad ibn Yaʻqūb al-Fayrūzabādī al-Shīrāzī al-Shāfiʻī, ṣāḥib al-qāmūs al-mutawaffá sanat 817 Hijrīyah. Wa-bi-al-hāmish Kitāb lubāb al-nuqūl fī asbāb al-nuzūl / lil-Jalāl al-Suyūṭī. Kitāb fī maʻrifat al-nāsikh wa-al-mansūkh / li-Abī ʻAbd Allāh Muḥammad ibn Ḥazm.</subfield>
	</datafield>
	<datafield ind1="3" ind2="0" tag="246">
		<subfield code="6">880-03</subfield>
		<subfield code="a">Lubāb al-nuqūl fī asbāb al-nuzūl</subfield>
	</datafield>
	<datafield ind1="3" ind2="0" tag="246">
		<subfield code="6">880-04</subfield>
		<subfield code="a">Nāsikh wa-al-Manskūh</subfield>
	</datafield>
	<datafield ind1=" " ind2=" " tag="246">
		<subfield code="6">880-10</subfield>
		<subfield code="a">لباب النقول في أسباب النزول</subfield>
	</datafield>
	<datafield ind1=" " ind2=" " tag="246">
		<subfield code="6">880-11</subfield>
		<subfield code="a">معرفة الناسخ والمنسوخ</subfield>
	</datafield>
	<datafield ind1=" " ind2=" " tag="250">
		<subfield code="6">880-05</subfield>
		<subfield code="a">al-Ṭabʻah al-thānīyah.</subfield>
	</datafield>
	<datafield ind1=" " ind2="1" tag="264">
		<subfield code="6">880-06</subfield>
		<subfield code="a">Miṣr :</subfield>
		<subfield code="b">Sharikat Maktabat wa-Maṭbaʻat Muṣṭafá al-Bābī al-Ḥalabī wa-Awlāduh,</subfield>
		<subfield code="c">1370 H. = 1951 M.</subfield>
	</datafield>
	<datafield ind1=" " ind2=" " tag="300">
		<subfield code="6">880-07</subfield>
		<subfield code="a">online resource (400 pages)</subfield>
	</datafield>
	<datafield ind1=" " ind2=" " tag="336">
		<subfield code="a">text</subfield>
		<subfield code="2">rdacontent</subfield>
	</datafield>
	<datafield ind1=" " ind2=" " tag="337">
		<subfield code="a">computer</subfield>
		<subfield code="2">rdamedia</subfield>
	</datafield>
	<datafield ind1=" " ind2=" " tag="338">
		<subfield code="a">online resource</subfield>
		<subfield code="2">rdacarrier</subfield>
	</datafield>
	<datafield ind1=" " ind2=" " tag="500">
		<subfield code="a">Part of the Arabic Collections Online (ACO) project, contributed by American University of Beirut's Jafet Memorial Library.</subfield>
	</datafield>
	<datafield ind1=" " ind2=" " tag="533">
		<subfield code="a">Electronic reproduction.</subfield>
		<subfield code="b">New York, N.Y. :</subfield>
		<subfield code="c">New York University,</subfield>
		<subfield code="d">2018.</subfield>
		<subfield code="5">NNU</subfield>
	</datafield>
	<datafield ind1="0" ind2="4" tag="600">
		<subfield code="a">عبد الله بن العباس،</subfield>
		<subfield code="d">-688؟.</subfield>
		<subfield code="t">تفسير إبن عباس.</subfield>
	</datafield>
	<datafield ind1="0" ind2="0" tag="600">
		<subfield code="a">ʻAbd Allāh ibn al-ʻAbbās,</subfield>
		<subfield code="d">-688?.</subfield>
		<subfield code="t">Tafsīr ibn ʻAbbās.</subfield>
	</datafield>
	<datafield ind1="0" ind2="4" tag="630">
		<subfield code="a">قرآن</subfield>
		<subfield code="x">تفسير وتأويل</subfield>
		<subfield code="v">اعمال قديمة حتى 1800.</subfield>
	</datafield>
	<datafield ind1="0" ind2="4" tag="630">
		<subfield code="a">قرآن</subfield>
		<subfield code="x">تاريخ الاحداث القرآنية</subfield>
		<subfield code="v">اعمال قديمة حتى 1800.</subfield>
	</datafield>
	<datafield ind1="0" ind2="4" tag="630">
		<subfield code="a">قرآن</subfield>
		<subfield code="x">أسباب النزول</subfield>
		<subfield code="v">اعمال قديمة حتى 1800.</subfield>
	</datafield>
	<datafield ind1="0" ind2="0" tag="630">
		<subfield code="a">Qur'an</subfield>
		<subfield code="x">Hermeneutics</subfield>
		<subfield code="v">Early works to 1800.</subfield>
	</datafield>
	<datafield ind1="0" ind2="0" tag="630">
		<subfield code="a">Qur'an</subfield>
		<subfield code="x">History of Qurʼanic events</subfield>
		<subfield code="v">Early works to 1800.</subfield>
	</datafield>
	<datafield ind1="0" ind2="2" tag="700">
		<subfield code="6">880-08</subfield>
		<subfield code="a">Suyūṭī,</subfield>
		<subfield code="d">1445-1505.</subfield>
		<subfield code="t">Lubāb al-nuqūl fī asbāb al-nuzūl.</subfield>
	</datafield>
	<datafield ind1="0" ind2="2" tag="700">
		<subfield code="6">880-09</subfield>
		<subfield code="a">Ibn Ḥazm, ʻAlī ibn Aḥmad,</subfield>
		<subfield code="d">994-1064.</subfield>
		<subfield code="t">Nāsikh wa-al-Manskūh.</subfield>
	</datafield>
	<datafield ind1="2" ind2=" " tag="710">
		<subfield code="a">Jafet Memorial Library.</subfield>
	</datafield>
	<datafield ind1="0" ind2=" " tag="730">
		<subfield code="a">Arabic Collections Online.</subfield>
	</datafield>
	<datafield ind1="0" ind2=" " tag="775">
		<subfield code="6">880-10</subfield>
		<subfield code="i">has designation of edition</subfield>
		<subfield code="4">http://rdaregistry.info/Elements/m/P30133:</subfield>
		<subfield code="t">Tafsīr sayyidī ʻAbd Allāh ibn ʻAbbās al-musamá Tanwīr al-miqyās min Tafsīr Ibn ʻAbbās.</subfield>
		<subfield code="b">al-Ṭabʻah al-ūlá.</subfield>
		<subfield code="d">al-Qāhirah : al-Mabṭaʻah al-Azharyahī, 1316 H., [1898?]</subfield>
		<subfield code="w">(OCoLC)784559216</subfield>
		<subfield code="w">(OCoLC)784559216</subfield>
	</datafield>
	<datafield ind1="0" ind2="8" tag="776">
		<subfield code="i">Print version:</subfield>
		<subfield code="a">Fīrūzābādī, Muḥammad ibn Yaʻqūb, 1329-1414 or 1415, author.</subfield>
		<subfield code="t">Tanwīr al-miqyās min Tafsīr Ibn ʻAbbās</subfield>
		<subfield code="w">(LeBAU)b12371385</subfield>
	</datafield>
	<datafield ind1="4" ind2="0" tag="856">
		<subfield code="u">http://hdl.handle.net/2333.1/3bk3jhsc</subfield>
	</datafield>
	<datafield ind1="1" ind2=" " tag="880">
		<subfield code="6">100-01</subfield>
		<subfield code="a">الفيروزآبادي، محمد بن يعقوب،</subfield>
		<subfield code="d">1329-1414 او 1415،</subfield>
		<subfield code="e">مؤلف. </subfield>
		<subfield code="4">aut.</subfield>
	</datafield>
	<datafield ind1="1" ind2="0" tag="880">
		<subfield code="6">245-02</subfield>
		<subfield code="a">تنوير المقياس من تفسير إبن عباس /</subfield>
		<subfield code="c">لأبي طاهر محمد بن يعقوب الفيروزابادي الشيرازي الشافعي، صاحب القاموس المتوفي سنة 817 هجرية. وبالهامش كتاب لباب النقول في أسباب النزول / للجلال السيوطي. كتاب في معرفة الناسخ والمنسوخ / لأبي عبد الله محمد بن حزم.</subfield>
	</datafield>
	<datafield ind1="3" ind2="0" tag="880">
		<subfield code="6">246-03</subfield>
		<subfield code="a">كتاب لباب النقول في أسباب النزول</subfield>
	</datafield>
	<datafield ind1="3" ind2="0" tag="880">
		<subfield code="6">246-04</subfield>
		<subfield code="a">كتاب في معرفة الناسخ والمنسوخ</subfield>
	</datafield>
	<datafield ind1=" " ind2=" " tag="880">
		<subfield code="6">250-05</subfield>
		<subfield code="a">الطبعة الثانية.</subfield>
	</datafield>
	<datafield ind1=" " ind2="1" tag="880">
		<subfield code="6">264-06</subfield>
		<subfield code="a">مصر :</subfield>
		<subfield code="b">شركة مكتبة ومطبعة مصطفى البابي الحلبي وأولاده،</subfield>
		<subfield code="c">1370 هـ. = 1951 م.</subfield>
	</datafield>
	<datafield ind1=" " ind2=" " tag="880">
		<subfield code="6">300-07</subfield>
		<subfield code="a">400 صفحة ؛</subfield>
		<subfield code="c">28 سم</subfield>
	</datafield>
	<datafield ind1="0" ind2="2" tag="880">
		<subfield code="6">700-08</subfield>
		<subfield code="a">السيوطي،</subfield>
		<subfield code="d">1445-1505.</subfield>
		<subfield code="t">لباب النقول في أسباب النزول.</subfield>
	</datafield>
	<datafield ind1="0" ind2="2" tag="880">
		<subfield code="6">700-09</subfield>
		<subfield code="a">ابن حزم، علي بن احمد،</subfield>
		<subfield code="d">944-1064.</subfield>
		<subfield code="t">الناسخ والمنسوخ.</subfield>
	</datafield>
	<datafield ind1="0" ind2=" " tag="880">
		<subfield code="6">775-10</subfield>
		<subfield code="i">دلالة على الطبعة</subfield>
		<subfield code="4">http://rdaregistry.info/Elements/m/P30133:</subfield>
		<subfield code="t">تفسير سيدي عبد الله بن عباس المسمى تنوير المقياس من تفسير إبن عباس.</subfield>
		<subfield code="b">الطبعة الأولى.</subfield>
		<subfield code="d">القاهرة : المطبعة الأزهرية، 1316 هـ.، [1898؟ م.]</subfield>
		<subfield code="w">b12371385</subfield>
		<subfield code="w">(OCoLC)784559216</subfield>
	</datafield>
	<datafield ind1=" " ind2=" " tag="880">
		<subfield code="6">246-10</subfield>
		<subfield code="a">Kitāb lubāb al-nuqūl fī asbāb al-nuzūl</subfield>
	</datafield>
	<datafield ind1=" " ind2=" " tag="880">
		<subfield code="6">246-11</subfield>
		<subfield code="a">Kitāb fī maʻrifat al-nāsikh wa-al-mansūkh</subfield>
	</datafield>
	<datafield ind1=" " ind2=" " tag="959">
		<subfield code="a">NNU</subfield>
		<subfield code="b">WEB</subfield>
		<subfield code="c">GENI</subfield>
		<subfield code="t">0</subfield>
		<subfield code="m">Electronic access</subfield>
		<subfield code="s">01</subfield>
	</datafield>
	<datafield ind1=" " ind2=" " tag="999">
		<subfield code="i">LeBAU_b12371385</subfield>
		<subfield code="s">aub_aco002347</subfield>
		<subfield code="e">(ERROR-MISC)</subfield>
	</datafield>
</record>
